<?xml version='1.0' encoding='utf-8'?>
<marc:collection xmlns:marc="http://www.loc.gov/MARC21/slim">
  <marc:record>
  <marc:leader>05140cas a2200805 a 4500</marc:leader>
  <marc:controlfield tag="008">831101c19839999ne qx p       0uuua0eng d</marc:controlfield>
  <marc:datafield tag="010" ind1=" " ind2=" ">
    <marc:subfield code="a">sc 84001357</marc:subfield>
  </marc:datafield>
  <marc:datafield tag="022" ind1=" " ind2=" ">
    <marc:subfield code="a">0167-8760 (print)</marc:subfield>
  </marc:datafield>
  <marc:datafield tag="022" ind1=" " ind2=" ">
    <marc:subfield code="l">0167-8760</marc:subfield>
  </marc:datafield>
  <marc:datafield tag="030" ind1=" " ind2=" ">
    <marc:subfield code="a">IJPSEE</marc:subfield>
  </marc:datafield>
  <marc:datafield tag="035" ind1=" " ind2=" ">
    <marc:subfield code="a">(Sirsi) o10082177</marc:subfield>
  </marc:datafield>
  <marc:datafield tag="035" ind1=" " ind2=" ">
    <marc:subfield code="a">(OCoLC)10082177</marc:subfield>
  </marc:datafield>
  <marc:datafield tag="040" ind1=" " ind2=" ">
    <marc:subfield code="a">CLU</marc:subfield>
    <marc:subfield code="c">CLU</marc:subfield>
    <marc:subfield code="d">DLC</marc:subfield>
    <marc:subfield code="d">NRC</marc:subfield>
  </marc:datafield>
  <marc:datafield tag="042" ind1=" " ind2=" ">
    <marc:subfield code="a">lc</marc:subfield>
  </marc:datafield>
  <marc:datafield tag="245" ind1="0" ind2="0">
    <marc:subfield code="a">International journal of psychophysiology</marc:subfield>
    <marc:subfield code="b">official journal of the International Organization of Psychophysiology.</marc:subfield>
  </marc:datafield>
  <marc:datafield tag="246" ind1="3" ind2="0">
    <marc:subfield code="a">Psychophysiology</marc:subfield>
  </marc:datafield>
  <marc:datafield tag="260" ind1=" " ind2=" ">
    <marc:subfield code="a">Amsterdam ;</marc:subfield>
    <marc:subfield code="a">New York :</marc:subfield>
    <marc:subfield code="b">Elsevier Science Publishers,</marc:subfield>
    <marc:subfield code="c">c1983-</marc:subfield>
  </marc:datafield>
  <marc:datafield tag="265" ind1=" " ind2=" ">
    <marc:subfield code="a">Elsevier Science Publishers, Journals Department, P.O. Box 211, 1000 AE Amsterdam, The Netherlands</marc:subfield>
  </marc:datafield>
  <marc:datafield tag="300" ind1=" " ind2=" ">
    <marc:subfield code="a">v. :</marc:subfield>
    <marc:subfield code="b">ill. ;</marc:subfield>
    <marc:subfield code="c">27 cm.</marc:subfield>
  </marc:datafield>
  <marc:datafield tag="310" ind1=" " ind2=" ">
    <marc:subfield code="a">Four issues yearly</marc:subfield>
  </marc:datafield>
  <marc:datafield tag="362" ind1="0" ind2=" ">
    <marc:subfield code="a">Vol. 1, no. 1 (Aug. 1983)-</marc:subfield>
  </marc:datafield>
  <marc:datafield tag="500" ind1=" " ind2=" ">
    <marc:subfield code="a">Title from cover.</marc:subfield>
  </marc:datafield>
  <marc:datafield tag="530" ind1=" " ind2=" ">
    <marc:subfield code="a">Also available online.</marc:subfield>
  </marc:datafield>
  <marc:datafield tag="596" ind1=" " ind2=" ">
    <marc:subfield code="a">1</marc:subfield>
  </marc:datafield>
  <marc:datafield tag="650" ind1=" " ind2="0">
    <marc:subfield code="a">Psychophysiology</marc:subfield>
    <marc:subfield code="v">Periodicals.</marc:subfield>
  </marc:datafield>
  <marc:datafield tag="710" ind1="2" ind2=" ">
    <marc:subfield code="a">International Organization of Psychophysiology.</marc:subfield>
  </marc:datafield>
  <marc:datafield tag="918" ind1=" " ind2=" ">
    <marc:subfield code="a">611907</marc:subfield>
  </marc:datafield>
  <marc:datafield tag="919" ind1=" " ind2=" ">
    <marc:subfield code="a">ABY-6544</marc:subfield>
  </marc:datafield>
  <marc:datafield tag="919" ind1=" " ind2=" ">
    <marc:subfield code="a">ABY-6544</marc:subfield>
  </marc:datafield>
  <marc:datafield tag="948" ind1=" " ind2=" ">
    <marc:subfield code="a">06/15/1993</marc:subfield>
    <marc:subfield code="b">02/15/2002</marc:subfield>
  </marc:datafield>
  <marc:datafield tag="999" ind1=" " ind2=" ">
    <marc:subfield code="a">QP360 .I57 v.1-2 1983-1985</marc:subfield>
    <marc:subfield code="w">LC</marc:subfield>
    <marc:subfield code="c">1</marc:subfield>
    <marc:subfield code="i">S01782763Y</marc:subfield>
    <marc:subfield code="l">STACKS</marc:subfield>
    <marc:subfield code="m">DHHILL</marc:subfield>
    <marc:subfield code="r">Y</marc:subfield>
    <marc:subfield code="s">Y</marc:subfield>
    <marc:subfield code="t">SERIAL</marc:subfield>
    <marc:subfield code="u">10/7/1999</marc:subfield>
  </marc:datafield>
  <marc:datafield tag="999" ind1=" " ind2=" ">
    <marc:subfield code="a">QP360 .I57 v.3-4 1985-1987</marc:subfield>
    <marc:subfield code="w">LC</marc:subfield>
    <marc:subfield code="c">1</marc:subfield>
    <marc:subfield code="i">S01782764Z</marc:subfield>
    <marc:subfield code="l">STACKS</marc:subfield>
    <marc:subfield code="m">DHHILL</marc:subfield>
    <marc:subfield code="r">Y</marc:subfield>
    <marc:subfield code="s">Y</marc:subfield>
    <marc:subfield code="t">SERIAL</marc:subfield>
    <marc:subfield code="u">10/7/1999</marc:subfield>
  </marc:datafield>
  <marc:datafield tag="999" ind1=" " ind2=" ">
    <marc:subfield code="a">QP360 .I57 v.5-6 1987-1988</marc:subfield>
    <marc:subfield code="w">LC</marc:subfield>
    <marc:subfield code="c">1</marc:subfield>
    <marc:subfield code="i">S01782765-</marc:subfield>
    <marc:subfield code="l">STACKS</marc:subfield>
    <marc:subfield code="m">DHHILL</marc:subfield>
    <marc:subfield code="r">Y</marc:subfield>
    <marc:subfield code="s">Y</marc:subfield>
    <marc:subfield code="t">SERIAL</marc:subfield>
    <marc:subfield code="u">10/7/1999</marc:subfield>
  </marc:datafield>
  <marc:datafield tag="999" ind1=" " ind2=" ">
    <marc:subfield code="a">QP360 .I57 v.7-8 1989-1990</marc:subfield>
    <marc:subfield code="w">LC</marc:subfield>
    <marc:subfield code="c">1</marc:subfield>
    <marc:subfield code="i">S01782766.</marc:subfield>
    <marc:subfield code="l">STACKS</marc:subfield>
    <marc:subfield code="m">DHHILL</marc:subfield>
    <marc:subfield code="r">Y</marc:subfield>
    <marc:subfield code="s">Y</marc:subfield>
    <marc:subfield code="t">SERIAL</marc:subfield>
    <marc:subfield code="u">10/7/1999</marc:subfield>
  </marc:datafield>
  <marc:datafield tag="999" ind1=" " ind2=" ">
    <marc:subfield code="a">QP360 .I57 v.9-10 1990-1991</marc:subfield>
    <marc:subfield code="w">LC</marc:subfield>
    <marc:subfield code="c">1</marc:subfield>
    <marc:subfield code="i">S01782767</marc:subfield>
    <marc:subfield code="l">STACKS</marc:subfield>
    <marc:subfield code="m">DHHILL</marc:subfield>
    <marc:subfield code="r">Y</marc:subfield>
    <marc:subfield code="s">Y</marc:subfield>
    <marc:subfield code="t">SERIAL</marc:subfield>
    <marc:subfield code="u">10/7/1999</marc:subfield>
  </marc:datafield>
  <marc:datafield tag="999" ind1=" " ind2=" ">
    <marc:subfield code="a">QP360 .I57 v.11-12 1991-1992</marc:subfield>
    <marc:subfield code="w">LC</marc:subfield>
    <marc:subfield code="c">1</marc:subfield>
    <marc:subfield code="i">S01782768$</marc:subfield>
    <marc:subfield code="l">STACKS</marc:subfield>
    <marc:subfield code="m">DHHILL</marc:subfield>
    <marc:subfield code="r">Y</marc:subfield>
    <marc:subfield code="s">Y</marc:subfield>
    <marc:subfield code="t">SERIAL</marc:subfield>
    <marc:subfield code="u">10/7/1999</marc:subfield>
  </marc:datafield>
  <marc:datafield tag="999" ind1=" " ind2=" ">
    <marc:subfield code="a">QP360 .I57 v.13-14 1992-1993</marc:subfield>
    <marc:subfield code="w">LC</marc:subfield>
    <marc:subfield code="c">1</marc:subfield>
    <marc:subfield code="i">S01782769/</marc:subfield>
    <marc:subfield code="l">STACKS</marc:subfield>
    <marc:subfield code="m">DHHILL</marc:subfield>
    <marc:subfield code="r">Y</marc:subfield>
    <marc:subfield code="s">Y</marc:subfield>
    <marc:subfield code="t">SERIAL</marc:subfield>
    <marc:subfield code="u">10/7/1999</marc:subfield>
  </marc:datafield>
  <marc:datafield tag="999" ind1=" " ind2=" ">
    <marc:subfield code="a">QP360 .I57 v.15 1993</marc:subfield>
    <marc:subfield code="w">LC</marc:subfield>
    <marc:subfield code="c">1</marc:subfield>
    <marc:subfield code="i">S01782770W</marc:subfield>
    <marc:subfield code="l">STACKS</marc:subfield>
    <marc:subfield code="m">DHHILL</marc:subfield>
    <marc:subfield code="r">Y</marc:subfield>
    <marc:subfield code="s">Y</marc:subfield>
    <marc:subfield code="t">SERIAL</marc:subfield>
    <marc:subfield code="u">10/7/1999</marc:subfield>
  </marc:datafield>
  <marc:datafield tag="999" ind1=" " ind2=" ">
    <marc:subfield code="a">QP360 .I57 v.16 1994</marc:subfield>
    <marc:subfield code="w">LC</marc:subfield>
    <marc:subfield code="c">1</marc:subfield>
    <marc:subfield code="i">S01782771X</marc:subfield>
    <marc:subfield code="l">STACKS</marc:subfield>
    <marc:subfield code="m">DHHILL</marc:subfield>
    <marc:subfield code="r">Y</marc:subfield>
    <marc:subfield code="s">Y</marc:subfield>
    <marc:subfield code="t">SERIAL</marc:subfield>
    <marc:subfield code="u">10/7/1999</marc:subfield>
  </marc:datafield>
  <marc:datafield tag="999" ind1=" " ind2=" ">
    <marc:subfield code="a">QP360 .I57 v.17 1994</marc:subfield>
    <marc:subfield code="w">LC</marc:subfield>
    <marc:subfield code="c">1</marc:subfield>
    <marc:subfield code="i">S01782772Y</marc:subfield>
    <marc:subfield code="l">STACKS</marc:subfield>
    <marc:subfield code="m">DHHILL</marc:subfield>
    <marc:subfield code="r">Y</marc:subfield>
    <marc:subfield code="s">Y</marc:subfield>
    <marc:subfield code="t">SERIAL</marc:subfield>
    <marc:subfield code="u">10/7/1999</marc:subfield>
  </marc:datafield>
  <marc:datafield tag="999" ind1=" " ind2=" ">
    <marc:subfield code="a">QP360 .I57 v.18 1994</marc:subfield>
    <marc:subfield code="w">LC</marc:subfield>
    <marc:subfield code="c">1</marc:subfield>
    <marc:subfield code="i">S01782773Z</marc:subfield>
    <marc:subfield code="l">STACKS</marc:subfield>
    <marc:subfield code="m">DHHILL</marc:subfield>
    <marc:subfield code="r">Y</marc:subfield>
    <marc:subfield code="s">Y</marc:subfield>
    <marc:subfield code="t">SERIAL</marc:subfield>
    <marc:subfield code="u">10/7/1999</marc:subfield>
  </marc:datafield>
  <marc:datafield tag="999" ind1=" " ind2=" ">
    <marc:subfield code="a">QP360 .I57 v.19 1995</marc:subfield>
    <marc:subfield code="w">LC</marc:subfield>
    <marc:subfield code="c">1</marc:subfield>
    <marc:subfield code="i">S01782774-</marc:subfield>
    <marc:subfield code="l">STACKS</marc:subfield>
    <marc:subfield code="m">DHHILL</marc:subfield>
    <marc:subfield code="r">Y</marc:subfield>
    <marc:subfield code="s">Y</marc:subfield>
    <marc:subfield code="t">SERIAL</marc:subfield>
    <marc:subfield code="u">10/7/1999</marc:subfield>
  </marc:datafield>
  <marc:datafield tag="999" ind1=" " ind2=" ">
    <marc:subfield code="a">QP360 .I57 v.20 1995</marc:subfield>
    <marc:subfield code="w">LC</marc:subfield>
    <marc:subfield code="c">1</marc:subfield>
    <marc:subfield code="i">S01782775.</marc:subfield>
    <marc:subfield code="l">STACKS</marc:subfield>
    <marc:subfield code="m">DHHILL</marc:subfield>
    <marc:subfield code="r">Y</marc:subfield>
    <marc:subfield code="s">Y</marc:subfield>
    <marc:subfield code="t">SERIAL</marc:subfield>
    <marc:subfield code="u">10/7/1999</marc:subfield>
  </marc:datafield>
  <marc:datafield tag="999" ind1=" " ind2=" ">
    <marc:subfield code="a">QP360 .I57 v.21-22 1996</marc:subfield>
    <marc:subfield code="w">LC</marc:subfield>
    <marc:subfield code="c">1</marc:subfield>
    <marc:subfield code="i">S01050244G</marc:subfield>
    <marc:subfield code="l">STACKS</marc:subfield>
    <marc:subfield code="m">DHHILL</marc:subfield>
    <marc:subfield code="n">1</marc:subfield>
    <marc:subfield code="r">Y</marc:subfield>
    <marc:subfield code="s">Y</marc:subfield>
    <marc:subfield code="t">SERIAL</marc:subfield>
    <marc:subfield code="u">4/21/1997</marc:subfield>
  </marc:datafield>
  <marc:datafield tag="999" ind1=" " ind2=" ">
    <marc:subfield code="a">QP360 .I57 v.23-24 1996</marc:subfield>
    <marc:subfield code="w">LC</marc:subfield>
    <marc:subfield code="c">1</marc:subfield>
    <marc:subfield code="i">S01050245H</marc:subfield>
    <marc:subfield code="l">STACKS</marc:subfield>
    <marc:subfield code="m">DHHILL</marc:subfield>
    <marc:subfield code="n">1</marc:subfield>
    <marc:subfield code="r">Y</marc:subfield>
    <marc:subfield code="s">Y</marc:subfield>
    <marc:subfield code="t">SERIAL</marc:subfield>
    <marc:subfield code="u">4/21/1997</marc:subfield>
  </marc:datafield>
  <marc:datafield tag="999" ind1=" " ind2=" ">
    <marc:subfield code="a">QP360 .I57 v.25-26 1997</marc:subfield>
    <marc:subfield code="w">LC</marc:subfield>
    <marc:subfield code="c">1</marc:subfield>
    <marc:subfield code="i">S01106611G</marc:subfield>
    <marc:subfield code="l">STACKS</marc:subfield>
    <marc:subfield code="m">DHHILL</marc:subfield>
    <marc:subfield code="n">1</marc:subfield>
    <marc:subfield code="r">Y</marc:subfield>
    <marc:subfield code="s">Y</marc:subfield>
    <marc:subfield code="t">SERIAL</marc:subfield>
    <marc:subfield code="u">10/21/1997</marc:subfield>
  </marc:datafield>
  <marc:datafield tag="999" ind1=" " ind2=" ">
    <marc:subfield code="a">QP360 .I57 v.27 1997</marc:subfield>
    <marc:subfield code="w">LC</marc:subfield>
    <marc:subfield code="c">1</marc:subfield>
    <marc:subfield code="i">S01119475S</marc:subfield>
    <marc:subfield code="l">STACKS</marc:subfield>
    <marc:subfield code="m">DHHILL</marc:subfield>
    <marc:subfield code="n">1</marc:subfield>
    <marc:subfield code="r">Y</marc:subfield>
    <marc:subfield code="s">Y</marc:subfield>
    <marc:subfield code="t">SERIAL</marc:subfield>
    <marc:subfield code="u">1/30/1999</marc:subfield>
  </marc:datafield>
  <marc:datafield tag="999" ind1=" " ind2=" ">
    <marc:subfield code="a">QP360 .I57 v.28 1998</marc:subfield>
    <marc:subfield code="w">LC</marc:subfield>
    <marc:subfield code="c">1</marc:subfield>
    <marc:subfield code="i">S01119436P</marc:subfield>
    <marc:subfield code="l">STACKS</marc:subfield>
    <marc:subfield code="m">DHHILL</marc:subfield>
    <marc:subfield code="n">1</marc:subfield>
    <marc:subfield code="r">Y</marc:subfield>
    <marc:subfield code="s">Y</marc:subfield>
    <marc:subfield code="t">SERIAL</marc:subfield>
    <marc:subfield code="u">1/30/1999</marc:subfield>
  </marc:datafield>
  <marc:datafield tag="999" ind1=" " ind2=" ">
    <marc:subfield code="a">QP360 .I57 v.29 1998</marc:subfield>
    <marc:subfield code="w">LC</marc:subfield>
    <marc:subfield code="c">1</marc:subfield>
    <marc:subfield code="i">S01119438R</marc:subfield>
    <marc:subfield code="l">STACKS</marc:subfield>
    <marc:subfield code="m">DHHILL</marc:subfield>
    <marc:subfield code="n">1</marc:subfield>
    <marc:subfield code="r">Y</marc:subfield>
    <marc:subfield code="s">Y</marc:subfield>
    <marc:subfield code="t">SERIAL</marc:subfield>
    <marc:subfield code="u">1/30/1999</marc:subfield>
  </marc:datafield>
  <marc:datafield tag="999" ind1=" " ind2=" ">
    <marc:subfield code="a">QP360 .I57 v.30 1998</marc:subfield>
    <marc:subfield code="w">LC</marc:subfield>
    <marc:subfield code="c">1</marc:subfield>
    <marc:subfield code="i">S01321702G</marc:subfield>
    <marc:subfield code="l">STACKS</marc:subfield>
    <marc:subfield code="m">DHHILL</marc:subfield>
    <marc:subfield code="n">1</marc:subfield>
    <marc:subfield code="r">Y</marc:subfield>
    <marc:subfield code="s">Y</marc:subfield>
    <marc:subfield code="t">SERIAL</marc:subfield>
    <marc:subfield code="u">5/11/1999</marc:subfield>
  </marc:datafield>
  <marc:datafield tag="999" ind1=" " ind2=" ">
    <marc:subfield code="a">QP360 .I57 v.31 1998/1999</marc:subfield>
    <marc:subfield code="w">LC</marc:subfield>
    <marc:subfield code="c">1</marc:subfield>
    <marc:subfield code="i">S00720333I</marc:subfield>
    <marc:subfield code="l">STACKS</marc:subfield>
    <marc:subfield code="m">DHHILL</marc:subfield>
    <marc:subfield code="n">1</marc:subfield>
    <marc:subfield code="r">Y</marc:subfield>
    <marc:subfield code="s">Y</marc:subfield>
    <marc:subfield code="t">SERIAL</marc:subfield>
    <marc:subfield code="u">6/22/1999</marc:subfield>
  </marc:datafield>
  <marc:datafield tag="999" ind1=" " ind2=" ">
    <marc:subfield code="a">QP360 .I57 v.32 1999</marc:subfield>
    <marc:subfield code="w">LC</marc:subfield>
    <marc:subfield code="c">1</marc:subfield>
    <marc:subfield code="i">S01832203J</marc:subfield>
    <marc:subfield code="l">STACKS</marc:subfield>
    <marc:subfield code="m">DHHILL</marc:subfield>
    <marc:subfield code="r">Y</marc:subfield>
    <marc:subfield code="s">Y</marc:subfield>
    <marc:subfield code="t">SERIAL</marc:subfield>
    <marc:subfield code="u">12/17/1999</marc:subfield>
  </marc:datafield>
  <marc:datafield tag="999" ind1=" " ind2=" ">
    <marc:subfield code="a">QP360 .I57 v.33 1999</marc:subfield>
    <marc:subfield code="w">LC</marc:subfield>
    <marc:subfield code="c">1</marc:subfield>
    <marc:subfield code="i">S01832279W</marc:subfield>
    <marc:subfield code="l">STACKS</marc:subfield>
    <marc:subfield code="m">DHHILL</marc:subfield>
    <marc:subfield code="r">Y</marc:subfield>
    <marc:subfield code="s">Y</marc:subfield>
    <marc:subfield code="t">SERIAL</marc:subfield>
    <marc:subfield code="u">12/17/1999</marc:subfield>
  </marc:datafield>
  <marc:datafield tag="999" ind1=" " ind2=" ">
    <marc:subfield code="a">QP360 .I57 v.34 1999</marc:subfield>
    <marc:subfield code="w">LC</marc:subfield>
    <marc:subfield code="c">1</marc:subfield>
    <marc:subfield code="i">S01802337O</marc:subfield>
    <marc:subfield code="l">STACKS</marc:subfield>
    <marc:subfield code="m">DHHILL</marc:subfield>
    <marc:subfield code="n">1</marc:subfield>
    <marc:subfield code="r">Y</marc:subfield>
    <marc:subfield code="s">Y</marc:subfield>
    <marc:subfield code="t">SERIAL</marc:subfield>
    <marc:subfield code="u">6/19/2000</marc:subfield>
  </marc:datafield>
  <marc:datafield tag="999" ind1=" " ind2=" ">
    <marc:subfield code="a">QP360 .I57 v.35 2000</marc:subfield>
    <marc:subfield code="w">LC</marc:subfield>
    <marc:subfield code="c">1</marc:subfield>
    <marc:subfield code="i">S01967138Z</marc:subfield>
    <marc:subfield code="l">STACKS</marc:subfield>
    <marc:subfield code="m">DHHILL</marc:subfield>
    <marc:subfield code="r">Y</marc:subfield>
    <marc:subfield code="s">Y</marc:subfield>
    <marc:subfield code="t">SERIAL</marc:subfield>
    <marc:subfield code="u">4/26/2001</marc:subfield>
  </marc:datafield>
  <marc:datafield tag="999" ind1=" " ind2=" ">
    <marc:subfield code="a">QP360 .I57 v.36 2000</marc:subfield>
    <marc:subfield code="w">LC</marc:subfield>
    <marc:subfield code="c">1</marc:subfield>
    <marc:subfield code="i">S02042796U</marc:subfield>
    <marc:subfield code="l">STACKS</marc:subfield>
    <marc:subfield code="m">DHHILL</marc:subfield>
    <marc:subfield code="r">Y</marc:subfield>
    <marc:subfield code="s">Y</marc:subfield>
    <marc:subfield code="t">SERIAL</marc:subfield>
    <marc:subfield code="u">4/26/2001</marc:subfield>
  </marc:datafield>
  <marc:datafield tag="999" ind1=" " ind2=" ">
    <marc:subfield code="a">QP360 .I57 v.37 2000</marc:subfield>
    <marc:subfield code="w">LC</marc:subfield>
    <marc:subfield code="c">1</marc:subfield>
    <marc:subfield code="i">S01999626%</marc:subfield>
    <marc:subfield code="l">STACKS</marc:subfield>
    <marc:subfield code="m">DHHILL</marc:subfield>
    <marc:subfield code="r">Y</marc:subfield>
    <marc:subfield code="s">Y</marc:subfield>
    <marc:subfield code="t">SERIAL</marc:subfield>
    <marc:subfield code="u">4/26/2001</marc:subfield>
  </marc:datafield>
  <marc:datafield tag="999" ind1=" " ind2=" ">
    <marc:subfield code="a">QP360 .I57 v.38 2000</marc:subfield>
    <marc:subfield code="w">LC</marc:subfield>
    <marc:subfield code="c">1</marc:subfield>
    <marc:subfield code="i">S019997080</marc:subfield>
    <marc:subfield code="l">STACKS</marc:subfield>
    <marc:subfield code="m">DHHILL</marc:subfield>
    <marc:subfield code="r">Y</marc:subfield>
    <marc:subfield code="s">Y</marc:subfield>
    <marc:subfield code="t">SERIAL</marc:subfield>
    <marc:subfield code="u">4/26/2001</marc:subfield>
  </marc:datafield>
  <marc:datafield tag="999" ind1=" " ind2=" ">
    <marc:subfield code="a">QP360 .I57 v.39 2000/2001</marc:subfield>
    <marc:subfield code="w">LC</marc:subfield>
    <marc:subfield code="c">1</marc:subfield>
    <marc:subfield code="i">S02000054B</marc:subfield>
    <marc:subfield code="l">STACKS</marc:subfield>
    <marc:subfield code="m">DHHILL</marc:subfield>
    <marc:subfield code="r">Y</marc:subfield>
    <marc:subfield code="s">Y</marc:subfield>
    <marc:subfield code="t">SERIAL</marc:subfield>
    <marc:subfield code="u">4/26/2001</marc:subfield>
  </marc:datafield>
  <marc:datafield tag="999" ind1=" " ind2=" ">
    <marc:subfield code="a">QP360 .I57 v.40 2001</marc:subfield>
    <marc:subfield code="w">LC</marc:subfield>
    <marc:subfield code="c">1</marc:subfield>
    <marc:subfield code="i">S01999914%</marc:subfield>
    <marc:subfield code="l">STACKS</marc:subfield>
    <marc:subfield code="m">DHHILL</marc:subfield>
    <marc:subfield code="r">Y</marc:subfield>
    <marc:subfield code="s">Y</marc:subfield>
    <marc:subfield code="t">SERIAL</marc:subfield>
    <marc:subfield code="u">4/26/2001</marc:subfield>
  </marc:datafield>
  <marc:datafield tag="999" ind1=" " ind2=" ">
    <marc:subfield code="a">QP360 .I57 v.41 2001</marc:subfield>
    <marc:subfield code="w">LC</marc:subfield>
    <marc:subfield code="c">1</marc:subfield>
    <marc:subfield code="i">S01671340M</marc:subfield>
    <marc:subfield code="l">STACKS</marc:subfield>
    <marc:subfield code="m">DHHILL</marc:subfield>
    <marc:subfield code="n">1</marc:subfield>
    <marc:subfield code="r">Y</marc:subfield>
    <marc:subfield code="s">Y</marc:subfield>
    <marc:subfield code="t">SERIAL</marc:subfield>
    <marc:subfield code="u">9/4/2001</marc:subfield>
  </marc:datafield>
  <marc:datafield tag="999" ind1=" " ind2=" ">
    <marc:subfield code="a">QP360 .I57 v.42 2001</marc:subfield>
    <marc:subfield code="w">LC</marc:subfield>
    <marc:subfield code="c">1</marc:subfield>
    <marc:subfield code="i">S01756715W</marc:subfield>
    <marc:subfield code="l">STACKS</marc:subfield>
    <marc:subfield code="m">DHHILL</marc:subfield>
    <marc:subfield code="n">1</marc:subfield>
    <marc:subfield code="r">Y</marc:subfield>
    <marc:subfield code="s">Y</marc:subfield>
    <marc:subfield code="t">SERIAL</marc:subfield>
    <marc:subfield code="u">9/15/2002</marc:subfield>
  </marc:datafield>
  <marc:datafield tag="999" ind1=" " ind2=" ">
    <marc:subfield code="a">QP360 .I57 v.43 2001/2002</marc:subfield>
    <marc:subfield code="w">LC</marc:subfield>
    <marc:subfield code="c">1</marc:subfield>
    <marc:subfield code="i">S01756713U</marc:subfield>
    <marc:subfield code="l">STACKS</marc:subfield>
    <marc:subfield code="m">DHHILL</marc:subfield>
    <marc:subfield code="n">1</marc:subfield>
    <marc:subfield code="r">Y</marc:subfield>
    <marc:subfield code="s">Y</marc:subfield>
    <marc:subfield code="t">SERIAL</marc:subfield>
    <marc:subfield code="u">9/15/2002</marc:subfield>
  </marc:datafield>
  <marc:datafield tag="999" ind1=" " ind2=" ">
    <marc:subfield code="a">QP360 .I57 v.44 2002</marc:subfield>
    <marc:subfield code="w">LC</marc:subfield>
    <marc:subfield code="c">1</marc:subfield>
    <marc:subfield code="i">S01757187-</marc:subfield>
    <marc:subfield code="l">STACKS</marc:subfield>
    <marc:subfield code="m">DHHILL</marc:subfield>
    <marc:subfield code="n">1</marc:subfield>
    <marc:subfield code="r">Y</marc:subfield>
    <marc:subfield code="s">Y</marc:subfield>
    <marc:subfield code="t">SERIAL</marc:subfield>
    <marc:subfield code="u">9/15/2002</marc:subfield>
  </marc:datafield>
  <marc:datafield tag="999" ind1=" " ind2=" ">
    <marc:subfield code="a">QP360 .I57 v.45 2002</marc:subfield>
    <marc:subfield code="w">LC</marc:subfield>
    <marc:subfield code="c">1</marc:subfield>
    <marc:subfield code="i">S02107655Q</marc:subfield>
    <marc:subfield code="l">STACKS</marc:subfield>
    <marc:subfield code="m">DHHILL</marc:subfield>
    <marc:subfield code="r">Y</marc:subfield>
    <marc:subfield code="s">Y</marc:subfield>
    <marc:subfield code="t">SERIAL</marc:subfield>
    <marc:subfield code="u">2/10/2003</marc:subfield>
  </marc:datafield>
  <marc:datafield tag="999" ind1=" " ind2=" ">
    <marc:subfield code="a">QP360 .I57 v.46 2002</marc:subfield>
    <marc:subfield code="w">LC</marc:subfield>
    <marc:subfield code="c">1</marc:subfield>
    <marc:subfield code="i">S02078580U</marc:subfield>
    <marc:subfield code="l">STACKS</marc:subfield>
    <marc:subfield code="m">DHHILL</marc:subfield>
    <marc:subfield code="r">Y</marc:subfield>
    <marc:subfield code="s">Y</marc:subfield>
    <marc:subfield code="t">SERIAL</marc:subfield>
    <marc:subfield code="u">4/2/2003</marc:subfield>
  </marc:datafield>
  <marc:datafield tag="999" ind1=" " ind2=" ">
    <marc:subfield code="a">QP360 .I57 v.47 2003</marc:subfield>
    <marc:subfield code="w">LC</marc:subfield>
    <marc:subfield code="c">1</marc:subfield>
    <marc:subfield code="i">S02102909N</marc:subfield>
    <marc:subfield code="l">STACKS</marc:subfield>
    <marc:subfield code="m">DHHILL</marc:subfield>
    <marc:subfield code="r">Y</marc:subfield>
    <marc:subfield code="s">Y</marc:subfield>
    <marc:subfield code="t">SERIAL</marc:subfield>
    <marc:subfield code="u">9/15/2003</marc:subfield>
  </marc:datafield>
  <marc:datafield tag="999" ind1=" " ind2=" ">
    <marc:subfield code="a">QP360 .I57 v.48 2003</marc:subfield>
    <marc:subfield code="w">LC</marc:subfield>
    <marc:subfield code="c">1</marc:subfield>
    <marc:subfield code="i">S02102923J</marc:subfield>
    <marc:subfield code="l">STACKS</marc:subfield>
    <marc:subfield code="m">DHHILL</marc:subfield>
    <marc:subfield code="r">Y</marc:subfield>
    <marc:subfield code="s">Y</marc:subfield>
    <marc:subfield code="t">SERIAL</marc:subfield>
    <marc:subfield code="u">9/15/2003</marc:subfield>
  </marc:datafield>
  <marc:datafield tag="999" ind1=" " ind2=" ">
    <marc:subfield code="a">QP360 .I57 v.49 2003</marc:subfield>
    <marc:subfield code="w">LC</marc:subfield>
    <marc:subfield code="c">1</marc:subfield>
    <marc:subfield code="i">S02130103A</marc:subfield>
    <marc:subfield code="d">11/5/2004</marc:subfield>
    <marc:subfield code="e">10/21/2004</marc:subfield>
    <marc:subfield code="l">STACKS</marc:subfield>
    <marc:subfield code="m">DHHILL</marc:subfield>
    <marc:subfield code="n">1</marc:subfield>
    <marc:subfield code="r">Y</marc:subfield>
    <marc:subfield code="s">Y</marc:subfield>
    <marc:subfield code="t">SERIAL</marc:subfield>
    <marc:subfield code="u">10/21/2004</marc:subfield>
  </marc:datafield>
  <marc:datafield tag="999" ind1=" " ind2=" ">
    <marc:subfield code="a">QP360 .I57 v.50 2003</marc:subfield>
    <marc:subfield code="w">LC</marc:subfield>
    <marc:subfield code="c">1</marc:subfield>
    <marc:subfield code="i">S02134437O</marc:subfield>
    <marc:subfield code="d">11/5/2004</marc:subfield>
    <marc:subfield code="e">10/21/2004</marc:subfield>
    <marc:subfield code="l">STACKS</marc:subfield>
    <marc:subfield code="m">DHHILL</marc:subfield>
    <marc:subfield code="n">1</marc:subfield>
    <marc:subfield code="r">Y</marc:subfield>
    <marc:subfield code="s">Y</marc:subfield>
    <marc:subfield code="t">SERIAL</marc:subfield>
    <marc:subfield code="u">10/21/2004</marc:subfield>
  </marc:datafield>
</marc:record>
</marc:collection>

